@Unpublished{Nimark,
author = {Nimark, Kristoffer},
title = {The Projection Theorem},
note = {http://www.kris-nimark.net/pdf/ProjectionTheorem.pdf},
}

@Book{Lang,
ALTauthor = {Lang, Serge},
title = {Undergraduate Analysis},
publisher = {Springer New York, NY},
year = {1997},
OPTkey = {•},
OPTvolume = {17},
OPTnumber = {•},
OPTseries = {Undergraduate Texts in Mathematics},
OPTaddress = {•},
OPTedition = {2},
OPTmonth = {•},
OPTnote = {•},
OPTannote = {•}
}


@Book{Kreyszig,
ALTauthor = {Kreyszig, Erwin},
title = {Introductory functional analysis with applications},
publisher = {John Wiley \& Sons},
year = {1991},
OPTkey = {•},
OPTvolume = {17},
OPTnumber = {•},
OPTseries = {•},
OPTaddress = {•},
OPTedition = {•},
OPTmonth = {•},
OPTnote = {•},
OPTannote = {•}
}



@article{Neuman,
  title={Discrete (Legendre) orthogonal polynomials—a survey},
  author={Neuman, Charles P and Schonbach, Dave I},
  journal={International Journal for Numerical Methods in Engineering},
  volume={8},
  number={4},
  pages={743--770},
  year={1974},
  publisher={Wiley Online Library}
}

@PhdThesis{Krist,
  author = {Kristinn Kristinsson},
  title = {Cross directional control of basis weight on paper machines using Gram polynomials},
  year = {1994},
  type = {Thesis}
}

